90da9e9982c941d3bb6f91ea39fdc1f1