@techreport{ABS2016bq,
author = {ABS},
publisher = {Australian Bureau of Statistics},
title = {{Microdata: Education and work, May 2016, Cat. 6227.0.30.001}},
year = {2016}
}
